<?xml version="1.0" encoding="UTF-8"?><collection xmlns="http://www.loc.gov/MARC21/slim"><record><leader>00335nam--2200121-i-4500</leader><controlfield tag="001">000041086</controlfield><controlfield tag="002">20161230</controlfield><controlfield tag="005">20161230201043</controlfield><controlfield tag="008">060222s1000------------r-----000-0-eng-d</controlfield><datafield ind1=" " ind2=" " tag="100"><subfield code="a">Sears, Francis Weston., Zemansky, Mark W</subfield></datafield><datafield ind1=" " ind2=" " tag="245"><subfield code="a">Univ.physics. 2nd edition</subfield></datafield><datafield ind1=" " ind2=" " tag="260"><subfield code="a">Cambridge, Mass., Addison-wesley, 1955, Xiv+973p</subfield></datafield><datafield ind1=" " ind2=" " tag="852"><subfield code="a">11086</subfield></datafield></record></collection>